%% Journal article
@article{faunt2016water,
  title={Water availability and land subsidence in the Central Valley, California, USA},
  author={Faunt, Claudia C and Sneed, Michelle and Traum, Jon and Brandt, Justin T},
  journal={Hydrogeology Journal},
  volume={24},
  number={3},
  pages={675},
  year={2016},
  publisher={Springer Nature BV}
}

@article{duan1992effective,
  title={Effective and efficient global optimization for conceptual rainfall-runoff models},
  author={Duan, Qingyun and Sorooshian, Soroosh and Gupta, Vijai},
  journal={Water resources research},
  volume={28},
  number={4},
  pages={1015--1031},
  year={1992},
  publisher={Wiley Online Library}
}

@article{beven1992future,
  title={The future of distributed models: model calibration and uncertainty prediction},
  author={Beven, Keith and Binley, Andrew},
  journal={Hydrological processes},
  volume={6},
  number={3},
  pages={279--298},
  year={1992},
  publisher={Wiley Online Library}
}

@article{blasone2007parameter,
  title={Parameter estimation in distributed hydrological modelling: comparison of global and local optimisation techniques},
  author={Blasone, R-S and Madsen, Henrik and Rosbjerg, Dan},
  journal={Hydrology Research},
  volume={38},
  number={4-5},
  pages={451--476},
  year={2007},
  publisher={IWA Publishing}
}

@article{vrugt2003shuffled,
  title={A Shuffled Complex Evolution Metropolis algorithm for optimization and uncertainty assessment of hydrologic model parameters},
  author={Vrugt, Jasper A and Gupta, Hoshin V and Bouten, Willem and Sorooshian, Soroosh},
  journal={Water resources research},
  volume={39},
  number={8},
  year={2003},
  publisher={Wiley Online Library}
}

@article{metropolis1953equation,
  title={Equation of state calculations by fast computing machines},
  author={Metropolis, Nicholas and Rosenbluth, Arianna W and Rosenbluth, Marshall N and Teller, Augusta H and Teller, Edward},
  journal={The journal of chemical physics},
  volume={21},
  number={6},
  pages={1087--1092},
  year={1953},
  publisher={American Institute of Physics}
}

@book{brooks2011handbook,
  title={Handbook of markov chain monte carlo},
  author={Brooks, Steve and Gelman, Andrew and Jones, Galin and Meng, Xiao-Li},
  year={2011},
  publisher={CRC Press},
  address = "Florida"
}

@article{hastings1970monte,
  title={Monte Carlo sampling methods using Markov chains and their applications},
  author={Hastings, W Keith},
  year={1970},
  publisher={Oxford University Press}
}

@article{robert2004metropolis,
  title={The metropolis—hastings algorithm},
  author={Robert, Christian P and Casella, George and Robert, Christian P and Casella, George},
  journal={Monte Carlo statistical methods},
  pages={267--320},
  year={2016},
  publisher={Springer}
}

@article{vrugt2009accelerating,
  title={Accelerating Markov chain Monte Carlo simulation by differential evolution with self-adaptive randomized subspace sampling},
  author={Vrugt, Jasper A and Ter Braak, CJF and Diks, CGH and Robinson, Bruce A and Hyman, James M and Higdon, Dave},
  journal={International journal of nonlinear sciences and numerical simulation},
  volume={10},
  number={3},
  pages={273--290},
  year={2009},
  publisher={De Gruyter}
}

@article{terbraak2006markov,
  title={A Markov Chain Monte Carlo version of the genetic algorithm Differential Evolution: easy Bayesian computing for real parameter spaces},
  author={Ter Braak, Cajo JF},
  journal={Statistics and Computing},
  volume={16},
  pages={239--249},
  year={2006},
  publisher={Springer}
}

@article{goodman2010ensemble,
  title={Ensemble samplers with affine invariance},
  author={Goodman, Jonathan and Weare, Jonathan},
  journal={Communications in applied mathematics and computational science},
  volume={5},
  number={1},
  pages={65--80},
  year={2010},
  publisher={Mathematical Sciences Publishers}
}

@article{brunetti2023depth,
  title={An in-depth analysis of Markov-Chain Monte Carlo ensemble samplers for inverse vadose zone modeling},
  author={Brunetti, Giuseppe and {\v{S}}imunek, Jiri and W{\"o}hling, Thomas and Stumpp, Christine},
  journal={Journal of Hydrology},
  pages={129822},
  year={2023},
  publisher={Elsevier}
}

@article{hogg2018data,
  title={Data analysis recipes: Using markov chain monte carlo},
  author={Hogg, David W and Foreman-Mackey, Daniel},
  journal={The Astrophysical Journal Supplement Series},
  volume={236},
  number={1},
  pages={11},
  year={2018},
  publisher={IOP Publishing}
}

@article{bacci2023comparison,
  title={A comparison of numerical approaches for statistical inference with stochastic models},
  author={Bacci, Marco and Sukys, Jonas and Reichert, Peter and Ulzega, Simone and Albert, Carlo},
  journal={Stochastic Environmental Research and Risk Assessment},
  pages={1--21},
  year={2023},
  publisher={Springer}
}

@article{duane1987hybrid,
  title={Hybrid monte carlo},
  author={Duane, Simon and Kennedy, Anthony D and Pendleton, Brian J and Roweth, Duncan},
  journal={Physics letters B},
  volume={195},
  number={2},
  pages={216--222},
  year={1987},
  publisher={Elsevier}
}

@article{ulzega2023bayesian,
  title={Bayesian parameter inference in hydrological modelling using a Hamiltonian Monte Carlo approach with a stochastic rain model},
  author={Ulzega, Simone and Albert, Carlo},
  journal={Hydrology and Earth System Sciences},
  volume={27},
  number={15},
  pages={2935--2950},
  year={2023},
  publisher={Copernicus Publications G{\"o}ttingen, Germany}
}

@article{hoffman2014no,
  title={The No-U-Turn sampler: adaptively setting path lengths in Hamiltonian Monte Carlo.},
  author={Hoffman, Matthew D and Gelman, Andrew and others},
  journal={J. Mach. Learn. Res.},
  volume={15},
  number={1},
  pages={1593--1623},
  year={2014}
}

@article{carpenter2017stan,
  title={Stan: A probabilistic programming language},
  author={Carpenter, Bob and Gelman, Andrew and Hoffman, Matthew D and Lee, Daniel and Goodrich, Ben and Betancourt, Michael and Brubaker, Marcus A and Guo, Jiqiang and Li, Peter and Riddell, Allen},
  journal={Journal of statistical software},
  volume={76},
  year={2017},
  publisher={NIH Public Access}
}

@article{krapu2022differentiable,
  title={A Differentiable Hydrology Approach for Modeling With Time-Varying Parameters},
  author={Krapu, Christopher and Borsuk, Mark},
  journal={Water Resources Research},
  volume={58},
  number={9},
  pages={e2021WR031377},
  year={2022},
  publisher={Wiley Online Library}
}

@article{duan2006model,
  title={Model Parameter Estimation Experiment (MOPEX): An overview of science strategy and major results from the second and third workshops},
  author={Duan, Q and Schaake, J and Andr{\'e}assian, Vazken and Franks, S and Goteti, G and Gupta, HV and Gusev, YM and Habets, F and Hall, Anthony and Hay, L and others},
  journal={Journal of Hydrology},
  volume={320},
  number={1-2},
  pages={3--17},
  year={2006},
  publisher={Elsevier}
}

@article{laloy2012high,
  title={High-dimensional posterior exploration of hydrologic models using multiple-try DREAM (ZS) and high-performance computing},
  author={Laloy, Eric and Vrugt, Jasper A},
  journal={Water Resources Research},
  volume={48},
  number={1},
  year={2012},
  publisher={Wiley Online Library}
}

@article{foreman2013emcee,
  title={emcee: the MCMC hammer},
  author={Foreman-Mackey, Daniel and Hogg, David W and Lang, Dustin and Goodman, Jonathan},
  journal={Publications of the Astronomical Society of the Pacific},
  volume={125},
  number={925},
  pages={306},
  doi = {10.1086/670067},
  year={2013},
  publisher={IOP Publishing}
}

@book{johnson2022bayes,
  title={Bayes rules!: An introduction to applied Bayesian modeling},
  author={Johnson, Alicia A and Ott, Miles Q and Dogucu, Mine},
  year={2022},
  publisher={CRC Press},
  address={Florida}
}

@article{lambert2018student,
  title={A student's guide to Bayesian statistics},
  author={Lambert, Ben},
  journal={A Student's Guide to Bayesian Statistics},
  pages={1--520},
  year={2018},
  publisher={SAGE Publications Ltd}
}

@article{haario2001adaptive,
  title={An adaptive Metropolis algorithm},
  author={Haario, Heikki and Saksman, Eero and Tamminen, Johanna},
  journal={Bernoulli},
  pages={223--242},
  year={2001},
  publisher={JSTOR}
}

@article{liu2000multiple,
  title={The multiple-try method and local optimization in Metropolis sampling},
  author={Liu, Jun S and Liang, Faming and Wong, Wing Hung},
  journal={Journal of the American Statistical Association},
  volume={95},
  number={449},
  pages={121--134},
  year={2000},
  publisher={Taylor \& Francis}
}

@article{terbraak2008differential,
  title={Differential evolution Markov chain with snooker updater and fewer chains},
  author={Ter Braak, Cajo JF and Vrugt, Jasper A},
  journal={Statistics and Computing},
  volume={18},
  pages={435--446},
  year={2008},
  publisher={Springer}
}

@article{pasarica2005adaptively,
  title={Adaptively scaling the Metropolis algorithm using expected squared jumped distance},
  author={Pasarica, Cristian and Gelman, Andrew},
  year={2005}
}

@article{neal2011mcmc,
  title={MCMC using Hamiltonian dynamics},
  author={Neal, Radford M and others},
  journal={Handbook of markov chain monte carlo},
  volume={2},
  number={11},
  pages={2},
  year={2011},
  publisher={Chapman and Hall/CRC}
}

@softmisc{magnusson2023posteriordb,
author = {Magnusson, Måns and Bürkner, Paul and Vehtari, Aki},
month = oct,
title = {posteriordb: a set of posteriors for Bayesian inference and probabilistic programming},
version = {0.5},
year = {2023}
}

@article{shockley2018pydream,
  title={PyDREAM: high-dimensional parameter inference for biological models in python},
  author={Shockley, Erin M and Vrugt, Jasper A and Lopez, Carlos F},
  journal={Bioinformatics},
  volume={34},
  number={4},
  pages={695--697},
  year={2018},
  publisher={Oxford University Press}
}

@softmisc{tamas_k_papp_2023_10225136,
  author       = {Tamas K. Papp and
                  David Widmann and
                  Dilum Aluthge and
                  Yimin Yi and
                  delehef and
                  Julia TagBot and
                  Morten Piibeleht and
                  Pietro Monticone and
                  st--},
  title        = {tpapp/DynamicHMC.jl: v3.4.7},
  month        = nov,
  year         = 2023,
  publisher    = {Zenodo},
  version      = {v3.4.7},
  doi          = {10.5281/zenodo.10225136}
}

@inproceedings{xu2020advancedhmc,
  title={AdvancedHMC. jl: A robust, modular and efficient implementation of advanced HMC algorithms},
  author={Xu, Kai and Ge, Hong and Tebbutt, Will and Tarek, Mohamed and Trapp, Martin and Ghahramani, Zoubin},
  booktitle={Symposium on Advances in Approximate Bayesian Inference},
  pages={1--10},
  year={2020},
  organization={PMLR}
}

@article{bakker2016scripting,
  title={Scripting MODFLOW model development using Python and FloPy},
  author={Bakker, Mark and Post, Vincent and Langevin, Christian D and Hughes, Joseph D and White, Jeremy T and Starn, JJ and Fienen, Michael N},
  journal={Groundwater},
  volume={54},
  number={5},
  pages={733--739},
  year={2016},
  publisher={Wiley Online Library}
}

@article{langevin2017modflow,
  title={MODFLOW 6 modular hydrologic model: US Geological Survey Software},
  author={Langevin, CD and Hughes, JD and Banta, ER and Provost, AM and Niswonger, RG and Panday, Sorab},
  journal={US Geological Survey},
  year={2017},
  doi= {10.5066/P9FL1JCC}
}

@article{gelman1996posterior,
  title={Posterior predictive assessment of model fitness via realized discrepancies},
  author={Gelman, Andrew and Meng, Xiao-Li and Stern, Hal},
  journal={Statistica sinica},
  pages={733--760},
  year={1996},
  publisher={JSTOR}
}

@article{flegal2008markov,
  title={Markov chain Monte Carlo: Can we trust the third significant figure?},
  author={Flegal, James M and Haran, Murali and Jones, Galin L},
  journal={Statistical Science},
  pages={250--260},
  year={2008},
  publisher={JSTOR}
}

@article{gelman1992inference,
  title={Inference from iterative simulation using multiple sequences},
  author={Gelman, Andrew and Rubin, Donald B},
  journal={Statistical science},
  volume={7},
  number={4},
  pages={457--472},
  year={1992},
  publisher={Institute of Mathematical Statistics}
}

@article{zhang2022pathfinder,
  title={Pathfinder: Parallel quasi-Newton variational inference},
  author={Zhang, Lu and Carpenter, Bob and Gelman, Andrew and Vehtari, Aki},
  journal={Journal of Machine Learning Research},
  volume={23},
  number={306},
  pages={1--49},
  year={2022}
}

@incollection{sokal1997monte,
  title={Monte Carlo methods in statistical mechanics: foundations and new algorithms},
  author={Sokal, Alan},
  booktitle={Functional integration: Basics and applications},
  pages={131--192},
  year={1997},
  publisher={Springer},
  address={Boston, MA}
}

@misc{foreman2022autocorr,
  title={Autocorrelation Tutorial},
  author={Foreman-Mackey, D.},
  year={2022},
  url={https://emcee.readthedocs.io/en/stable/tutorials/autocorr/},
  note={Accessed: 2024-08-01}
}

@article{betancourt2017conceptual,
  title={A conceptual introduction to Hamiltonian Monte Carlo},
  author={Betancourt, Michael},
  journal={arXiv preprint arXiv:1701.02434},
  year={2017}
}

@article{margossian2021nested,
  title={Nested $\hat{R}$: Assessing the convergence of Markov chain Monte Carlo when running many short chains},
  author={Margossian, Charles C and Hoffman, Matthew D and Sountsov, Pavel and Riou-Durand, Lionel and Vehtari, Aki and Gelman, Andrew},
  journal={arXiv preprint arXiv:2110.13017},
  year={2021}
}

@article{vehtari2021rank,
  title={(Rank-normalization, folding, and localization: An improved {$\hat{R}$} for assessing convergence of MCMC (with discussion)},
  author={Vehtari, Aki and Gelman, Andrew and Simpson, Daniel and Carpenter, Bob and B{\"u}rkner, Paul-Christian},
  journal={Bayesian analysis},
  volume={16},
  number={2},
  pages={667--718},
  year={2021},
  publisher={International Society for Bayesian Analysis},
  doi={10.1214/20-BA1221}
}

@book{gelman2021bayesian,
  title={Bayesian Data Analysis},
  author={Gelman, Andrew and Carlin, John B. and Stern, Hal S. and Dunson, David B. and Vehtari, Aki and Rubin, Donald B.},
  year={2013},
  edition={Third},
  publisher={Chapman and Hall/CRC},
  address={Boca Raton, FL},
  pages={281--286},
  note={With errors fixed as of 15 February 2021}
}

@article{kumar2019arviz,
author = {Kumar, Ravin and Carroll, Colin and Hartikainen, Ari and Osvaldo, Martin},
doi = {10.21105/joss.01143},
year ={2019},
journal = {Journal of Open Source Software},
title = {{ArviZ a unified library for exploratory analysis of Bayesian models in Python}}
}

@article{foreman2016corner,
doi = {10.21105/joss.00024},
url = {https://doi.org/10.21105/joss.00024},
year  = {2016},
month = {jun},
publisher = {The Open Journal},
volume = {1},
number = {2},
pages = {24},
author = {Daniel Foreman-Mackey},
title = {corner.py: Scatterplot matrices in Python},
journal = {The Journal of Open Source Software}
}

@article{rau2019error,
  title={Error in hydraulic head and gradient time-series measurements: a quantitative appraisal},
  author={Rau, Gabriel C and Post, Vincent EA and Shanafield, Margaret and Krekeler, Torsten and Banks, Eddie W and Blum, Philipp},
  journal={Hydrology and Earth System Sciences},
  volume={23},
  number={9},
  pages={3603--3629},
  year={2019},
  publisher={Copernicus Publications G{\"o}ttingen, Germany}
}

@article{konikow1992ground,
  title={Ground-water models cannot be validated},
  author={Konikow, Leonard F and Bredehoeft, John D},
  journal={Advances in water resources},
  volume={15},
  number={1},
  pages={75--83},
  year={1992},
  publisher={Elsevier}
}

@misc{waterloo2024solver,
  author    = {Waterloo Hydrogeologic},
  title     = {IMS Package Translation Settings - Visual MODFLOW Flex 10.0},
  year      = {2024},
  url       = {https://www.waterloohydrogeologic.com/help/vmod-flex/index.html?vm_mf6_ims_translationsettings.htm},
  note      = {Accessed: 2024-09-18}
}

@book{woessner2020hydrogeologic,
  title={Hydrogeologic Properties of Earth Materials and Principles of Groundwater Flow},
  author={Woessner, William W and Poeter, Eileen P},
  chapter={5.3 Hydraulic Conductivity Values for Earth Materials},
  year={2020},
  publisher={Groundwater Project},
  address={Waterloo, Ontario, Canada}
}


@article{freeze1979groundwater,
  title={Groundwater prentice-hall},
  author={Freeze, R Allan and Cherry, John A},
  journal={Englewood Cliffs, NJ},
  volume={176},
  pages={161--177},
  year={1979}
}

@article{storn1997differential,
  title={Differential evolution--a simple and efficient heuristic for global optimization over continuous spaces},
  author={Storn, Rainer and Price, Kenneth},
  journal={Journal of global optimization},
  volume={11},
  pages={341--359},
  year={1997},
  publisher={Springer}
}

@article{gelman1997weak,
  title={Weak convergence and optimal scaling of random walk Metropolis algorithms},
  author={Gelman, Andrew and Gilks, Walter R and Roberts, Gareth O},
  journal={The annals of applied probability},
  volume={7},
  number={1},
  pages={110--120},
  year={1997},
  publisher={Institute of Mathematical Statistics}
}

@article{gelman2006prior,
  title={Prior distributions for variance parameters in hierarchical models (comment on article by Browne and Draper)},
  journal={Bayesian Analysis},
  author={Gelman, Andrew},
  year={2006}
}

@misc{analytica_kde,
  title = {Kernel Density Smoothing},
  author = {{Analytica Docs}},
  year = {2024},
  url = {https://docs.analytica.com/index.php/Kernel_Density_Smoothing},
  note = {Accessed: 2024-11-06}
}

@article{Waskom2021,
    doi = {10.21105/joss.03021},
    url = {https://doi.org/10.21105/joss.03021},
    year = {2021},
    publisher = {The Open Journal},
    volume = {6},
    number = {60},
    pages = {3021},
    author = {Michael L. Waskom},
    title = {seaborn: statistical data visualization},
    journal = {Journal of Open Source Software}
 }

@book{mackay2003information,
  title={Information theory, inference and learning algorithms},
  author={MacKay, David JC},
  year={2003},
  publisher={Cambridge university press},
  address={Cambridge, UK},
}

@article{hughes2023flopy,
author = {Hughes, Joseph D. and Langevin, Christian D. and Paulinski, Scott R. and Larsen, Joshua D. and Brakenhoff, David},
doi = {10.1111/gwat.13327},
journal = {Groundwater},
month = may,
title = {{FloPy Workflows for Creating Structured and Unstructured MODFLOW Models}},
year = {2023}
}

@ARTICLE{2020SciPy-NMeth,
  author  = {Virtanen, Pauli and Gommers, Ralf and Oliphant, Travis E. and
            Haberland, Matt and Reddy, Tyler and Cournapeau, David and
            Burovski, Evgeni and Peterson, Pearu and Weckesser, Warren and
            Bright, Jonathan and {van der Walt}, St{\'e}fan J. and
            Brett, Matthew and Wilson, Joshua and Millman, K. Jarrod and
            Mayorov, Nikolay and Nelson, Andrew R. J. and Jones, Eric and
            Kern, Robert and Larson, Eric and Carey, C J and
            Polat, {\.I}lhan and Feng, Yu and Moore, Eric W. and
            {VanderPlas}, Jake and Laxalde, Denis and Perktold, Josef and
            Cimrman, Robert and Henriksen, Ian and Quintero, E. A. and
            Harris, Charles R. and Archibald, Anne M. and
            Ribeiro, Ant{\^o}nio H. and Pedregosa, Fabian and
            {van Mulbregt}, Paul and {SciPy 1.0 Contributors}},
  title   = {{{SciPy} 1.0: Fundamental Algorithms for Scientific
            Computing in Python}},
  journal = {Nature Methods},
  year    = {2020},
  volume  = {17},
  pages   = {261--272},
  url     = {https://doi.org/10.1038/s41592-019-0686-2},
  adsurl  = {https://ui.adsabs.harvard.edu/abs/2020NatMe..17..261V},
  doi     = {10.1038/s41592-019-0686-2},
}

@article{mustafa2020integrated,
  title={Integrated Bayesian Multi-model approach to quantify input, parameter and conceptual model structure uncertainty in groundwater modeling},
  author={Mustafa, Syed Md Touhidul and Nossent, Jiri and Ghysels, Gert and Huysmans, Marijke},
  journal={Environmental Modelling \& Software},
  volume={126},
  pages={104654},
  year={2020},
  publisher={Elsevier}
}

@article{gelman2020holes,
  title={Holes in Bayesian statistics},
  author={Gelman, Andrew and Yao, Yuling},
  journal={Journal of Physics G: Nuclear and Particle Physics},
  volume={48},
  number={1},
  pages={014002},
  year={2020},
  publisher={IOP Publishing}
}

@article{keating2010optimization,
  title={Optimization and uncertainty assessment of strongly nonlinear groundwater models with high parameter dimensionality},
  author={Keating, Elizabeth H and Doherty, John and Vrugt, Jasper A and Kang, Qinjun},
  journal={Water Resources Research},
  volume={46},
  number={10},
  year={2010},
  publisher={Wiley Online Library}
}

@article{chen2018surrogate,
  title={A surrogate-based sensitivity quantification and Bayesian inversion of a regional groundwater flow model},
  author={Chen, Mingjie and Izady, Azizallah and Abdalla, Osman A and Amerjeed, Mansoor},
  journal={Journal of Hydrology},
  volume={557},
  pages={826--837},
  year={2018},
  publisher={Elsevier}
}

@misc{stan_reparameterization,
  author       = {{Stan Development Team}},
  title        = {Reparameterization and Changes of Variables},
  year         = {2025},
  url          = {https://mc-stan.org/docs/stan-users-guide/reparameterization.html#changes-of-variables},
  note         = {Accessed: 17 Feb. 2025. Permalink: \url{https://github.com/stan-dev/docs/blob/ad347b8755a4e3eda21d2403794d1010c9ac16eb/src/stan-users-guide/reparameterization.qmd}}
}

@manual{sas2020example,
  title        = {SAS/STAT® 15.2 User's Guide},
  author       = {{SAS Institute Inc.}},
  year         = {2020},
  note         = {Example 79.20 Using a Transformation to Improve Mixing. Last updated: October 28, 2020},
  url          = {https://documentation.sas.com/doc/en/statug/15.2/statug_mcmc_examples29.htm},
  chapter      = {The MCMC Procedure},
  edition      = {15.2}
}

@article{refsgaard1997parameterisation,
  title={Parameterisation, calibration and validation of distributed hydrological models},
  author={Refsgaard, Jens Christian},
  journal={Journal of hydrology},
  volume={198},
  number={1-4},
  pages={69--97},
  year={1997},
  publisher={Elsevier}
}

@article{gupta2009decomposition,
  title={Decomposition of the mean squared error and NSE performance criteria: Implications for improving hydrological modelling},
  author={Gupta, Hoshin V and Kling, Harald and Yilmaz, Koray K and Martinez, Guillermo F},
  journal={Journal of hydrology},
  volume={377},
  number={1-2},
  pages={80--91},
  year={2009},
  publisher={Elsevier}
}

@article{hendrickson1988comparison,
  title={Comparison of Newton-type and direct search algorithms for calibration of conceptual rainfall-runoff models},
  author={Hendrickson, Jene'D and Sorooshian, Soroosh and Brazil, Larry E},
  journal={Water Resources Research},
  volume={24},
  number={5},
  pages={691--700},
  year={1988},
  publisher={Wiley Online Library}
}

@article{vrugt2006application,
  title={Application of stochastic parameter optimization to the Sacramento Soil Moisture Accounting model},
  author={Vrugt, Jasper A and Gupta, Hoshin V and Dekker, Stefan C and Sorooshian, Soroosh and Wagener, Thorsten and Bouten, Willem},
  journal={Journal of Hydrology},
  volume={325},
  number={1-4},
  pages={288--307},
  year={2006},
  publisher={Elsevier}
}

@article{rojas2008conceptual,
  title={Conceptual model uncertainty in groundwater modeling: Combining generalized likelihood uncertainty estimation and Bayesian model averaging},
  author={Rojas, Rodrigo and Feyen, Luc and Dassargues, Alain},
  journal={Water Resources Research},
  volume={44},
  number={12},
  year={2008},
  publisher={Wiley Online Library}
}

@article{schmon2022optimal,
  title={Optimal scaling of random walk Metropolis algorithms using Bayesian large-sample asymptotics},
  author={Schmon, Sebastian M and Gagnon, Philippe},
  journal={Statistics and Computing},
  volume={32},
  number={2},
  pages={28},
  year={2022},
  publisher={Springer}
}
